<?xml version="1.0" encoding="utf-8"?>
<Lost-in-MarcMods-Conversion>
	<leader> nam a22 i 4500</leader>
	<controlfield tag="008">920606s1976 ita 000 0 ita d
	</controlfield>
	<datafield tag="040" ind1=" " ind2=" ">
		<subfield code="d">A2 0088893</subfield>
	</datafield>
	<datafield tag="245" ind1="1" ind2="0">
		<subfield code="c">Marie Grazie Profeti.</subfield>
	</datafield>
	<datafield tag="500" ind1=" " ind2=" ">
		<subfield code="a">En el lomo: "Editore C. Cursi Pise"</subfield>
	</datafield>
	<datafield tag="852" ind1=" " ind2=" ">
		<subfield code="h">821.134.2"15/17" Pér.0 PRO per</subfield>
	</datafield>
</Lost-in-MarcMods-Conversion>
